%% This BibTeX bibliography file was created using BibDesk.
%% http://bibdesk.sourceforge.net/


%% Created for Patric Jensfelt at 2014-08-23 22:39:14 +0200 


%% Saved with string encoding Unicode (UTF-8) 



@book{RussellNorvigAIBook3rd,
	Author = {Stuart J. Russell and Peter Norvig},
	Date-Added = {2014-08-23 20:37:06 +0000},
	Date-Modified = {2014-08-23 20:38:47 +0000},
	Edition = {3rd},
	Number = {ISBN 978-0-13-207148-2},
	Publisher = {Pearson Education},
	Title = {Artificial Intelligence - A Modern Approach},
	Year = {2010}}
